<?xml version="1.0" encoding="UTF-8"?><collection xmlns="http://www.loc.gov/MARC21/slim"><record><leader>00395nam--2200157-i-4500</leader><controlfield tag="001">000011991</controlfield><controlfield tag="002">20161230</controlfield><controlfield tag="005">20170222172400</controlfield><controlfield tag="008">060222s1000------------r-----000-0-eng-d</controlfield><datafield ind1=" " ind2=" " tag="100"><subfield code="a">Grecu, Mitica</subfield></datafield><datafield ind1=" " ind2=" " tag="245"><subfield code="a">Dictionar roman-turc</subfield></datafield><datafield ind1=" " ind2=" " tag="260"><subfield code="a">Bucuresti</subfield><subfield code="b">Ed.Stiint.Si Encicl</subfield><subfield code="c">1977</subfield></datafield><datafield ind1=" " ind2=" " tag="300"><subfield code="a">353 p</subfield></datafield><datafield ind1=" " ind2=" " tag="700"><subfield code="a">Mambet, Zeldula</subfield></datafield><datafield ind1=" " ind2=" " tag="852"><subfield code="a">801.323.2=590=943</subfield></datafield><datafield ind1=" " ind2=" " tag="CAT"><subfield code="a">SYS</subfield><subfield code="c">20170222</subfield><subfield code="h">172400</subfield></datafield></record></collection>